@article{tourangeau2000psychology,
  title={The psychology of survey response},
  author={Tourangeau, Roger and Rips, Lance J and Rasinski, Kenneth},
  year={2000},
  publisher={Cambridge University Press}
}
@article{Brenner_2021,
 author = {Lisa A. Brenner and Lisa M. Betthauser and Molly Penzenik and Anne Germain and Jin Jun Li and Ishanu Chattopadhyay and Ellen Frank and David J. Kupfer and Robert D. Gibbons},
 doi = {10.1001/jamanetworkopen.2021.15707},
 journal = {JAMA Network Open},
 month = {jul},
 number = {7},
 pages = {e2115707},
 publisher = {American Medical Association (AMA)},
 title = {Development and Validation of Computerized Adaptive Assessment Tools for the Measurement of Posttraumatic Stress Disorder Among US Military Veterans},
 url = {https://doi.org/10.1001/jamanetworkopen.2021.15707},
 volume = {4},
 year = {2021}
}

@article{drob2009clinical,
  title={Clinical and conceptual problems in the attribution of malingering in forensic evaluations.},
  author={Drob, Sanford L and Meehan, Kevin B and Waxman, Shari E},
  journal={The journal of the American Academy of Psychiatry and the Law},
  volume={37},
  number={1},
  pages={98--106},
  year={2009}
}

@article{park2021race,
  title={Race, health, and socioeconomic disparities associated with malingering in psychiatric patients at an urban emergency department},
  author={Park, Lala and Costello, Scott and Li, Jinjin and Lee, Royce and Jacobson, Kristen C},
  journal={General Hospital Psychiatry},
  volume={71},
  pages={121--127},
  year={2021},
  publisher={Elsevier}
}
@article{muntaner2004socioeconomic,
  title={Socioeconomic position and major mental disorders},
  author={Muntaner, Carles and Eaton, William W and Miech, Richard and O’campo, Patricia},
  journal={Epidemiologic reviews},
  volume={26},
  number={1},
  pages={53--62},
  year={2004},
  publisher={Oxford University Press}
}
@article{ekman1991who,
  title={Who can catch a liar?},
  author={Ekman, Paul and O'Sullivan, Maureen},
  journal={American Psychologist},
  volume={46},
  number={9},
  pages={913},
  year={1991}
}
@article{brenner2021development,
  title={Development and validation of computerized adaptive assessment tools for the measurement of posttraumatic stress disorder among US military veterans},
  author={Brenner, Lisa A and Betthauser, Lisa M and Penzenik, Molly and Germain, Anne and Li, Jin Jun and Chattopadhyay, Ishanu and Frank, Ellen and Kupfer, David J and Gibbons, Robert D},
  journal={JAMA Network Open},
  volume={4},
  number={7},
  pages={e2115707--e2115707},
  year={2021},
  publisher={American Medical Association}
}
@inproceedings{mihalcea2009lie,
  title={The lie detector: Explorations in the automatic recognition of deceptive language},
  author={Mihalcea, Rada and Strapparava, Carlo},
  booktitle={ACL-IJCNLP 2009},
  year={2009}
}
@article{gibbons2012development,
  title={Development of a computerized adaptive test for depression},
  author={Gibbons, Robert D and Weiss, David J and Pilkonis, Paul A and Frank, Ellen and Moore, Tara and Kim, Jong Bae and Kupfer, David J},
  journal={Archives of general psychiatry},
  volume={69},
  number={11},
  pages={1104--1112},
  year={2012},
  publisher={American Medical Association}
}
@book{verschuere2011memory,
  title={Memory detection: Theory and application of the concealed information test},
  author={Verschuere, Bruno and Ben-Shakhar, Gershon and Meijer, Ewout},
  year={2011},
  publisher={Cambridge University Press}
}

@article{pavlidis2002seeing,
  title={Seeing through the face of deception},
  author={Pavlidis, Ioannis and Eberhardt, Nina L and Levine, James A},
  journal={Nature},
  volume={415},
  number={6867},
  pages={35},
  year={2002}
}

@article{burgoon2008cognitive,
  title={Cognitive biases and nonverbal cue availability in detecting deception},
  author={Burgoon, Judee K and Blair, John P and Strom, Renee E},
  journal={Human Communication Research},
  volume={34},
  number={4},
  pages={572--599},
  year={2008}
}

@article{zhou2004automating,
  title={Automating linguistics-based cues for detecting deception in text-based asynchronous computer-mediated communications},
  author={Zhou, Lina and Burgoon, Judee K and Nunamaker Jr, Jay F and Twitchell, Douglas},
  journal={Group Decision and Negotiation},
  volume={13},
  number={1},
  pages={81--106},
  year={2004}
}




@article{marx2011ptsd,
  title={PTSD disability assessment},
  author={Marx, BPH and Holowka, DW},
  journal={PTSD Res Q},
  volume={22},
  number={1},
  pages={1--6},
  year={2011}
}

@article{mcnally2013iraq,
  title={Why are Iraq and Afghanistan War veterans seeking PTSD disability compensation at unprecedented rates?},
  author={McNally, RJ and Frueh, BC},
  journal={J Anxiety Disord},
  volume={27},
  pages={520--6},
  year={2013},
  publisher={Elsevier}
}

@article{frueh2007us,
  title={US Department of Veterans Affairs disability policies for posttraumatic stress disorder: administrative trends and implications for treatment, rehabilitation, and research},
  author={Frueh, BC and Grubaugh, AL and Elhai, JD and Buckley, TC},
  journal={Am J Public Health},
  volume={97},
  pages={2143--5},
  year={2007},
  publisher={American Public Health Association}
}

@misc{abr2015,
  title={2015 Annual Benefits Report (Compensation)},
  howpublished={\url{https://www.benefits.va.gov/REPORTS/abr/ABR-Compensation-FY15-05092016.pdf}},
  note={Accessed January 22, 2018}
}

@article{rogers1994explanatory,
  title={Explanatory models of malingering: a prototypical analysis},
  author={Rogers, R and Sewell, KW and Goldstein, A},
  journal={Law \& Hum Behav},
  volume={18},
  pages={543--52},
  year={1994}
}

@article{mcdermott2013malingering,
  title={Malingering in the correctional system: does incentive affect prevalence?},
  author={McDermott, BE and Dualan, IV and Scott, CL},
  journal={Int'l J L \& Psychiatry},
  volume={36},
  pages={287--92},
  year={2013}
}

@article{frueh2000apparent,
  title={Apparent symptom overreporting in combat veterans evaluated for PTSD},
  author={Frueh, BC and Hamner, MB and Cahill, SP and others},
  journal={Clin Psychol Rev},
  volume={20},
  pages={853--85},
  year={2000}
}

@article{leeshaley1997mmpi2,
  title={MMPI-2 base rates for 492 personal injury plaintiffs: implications and challenges for forensic assessment},
  author={Lees-Haley, PR},
  journal={J Clin Psychol},
  volume={53},
  pages={745--55},
  year={1997}
}



@book{taylor2006clinician,
  title={Clinician's Guide to Treating PTSD: A Cognitive-Behavioral Approach},
  author={Taylor, S.},
  year={2006},
  publisher={Guilford Press},
  address={New York}
}

@article{taylor2002behavioral,
  title={Behavioral treatment of posttraumatic stress disorder associated with recovered memories},
  author={Taylor, S. and Thordarson, D.},
  journal={Cognit Behav Ther},
  volume={31},
  pages={8--17},
  year={2002}
}

@book{mcnally2003remembering,
  title={Remembering trauma},
  author={McNally, R.J.},
  year={2003},
  publisher={Harvard University Press},
  address={Cambridge, MA}
}

@article{lopiccolo1999current,
  title={Current issues in the diagnosis and management of malingering},
  author={LoPiccolo, C.J. and Goodkin, K. and Baldewicz, T.T.},
  journal={Ann Med},
  volume={31},
  pages={166--174},
  year={1999}
}

@incollection{oboler2000disability,
  title={Disability evaluations under the Department of Veterans Affairs},
  author={Oboler, S.},
  booktitle={Impairment Rating and Disability Evaluation},
  editor={Rondinelli, R.D. and Katz, R.T.},
  publisher={W. B. Saunders},
  address={Philadelphia, PA},
  year={2000},
  pages={187--217}
}

@article{rosen2006dsm,
  title={DSM’s cautionary guideline to rule out malingering can protect the PTSD data base},
  author={Rosen, G.M.},
  journal={J Anxiety Disorders},
  volume={20},
  pages={530--535},
  year={2006}
}



@article{taylor2007detection,
  title={Detection and management of malingering in people presenting for treatment of posttraumatic stress disorder: Methods, obstacles, and recommendations},
  author={Taylor, S. and Frueh, B. C. and Asmundson, G. J. G.},
  journal={Journal of Anxiety Disorders},
  volume={21},
  number={1},
  pages={22--41},
  year={2007},
  publisher={Elsevier},
  doi={10.1016/j.janxdis.2006.03.016},
  PMID={16647834}
}

@article{guriel2003assessing,
  title={Assessing malingered posttraumatic stress disorder: A critical review},
  author={Guriel, J. and Fremouw, W.},
  journal={Clinical Psychology Review},
  volume={23},
  number={7},
  pages={881--904},
  year={2003},
  publisher={Elsevier},
  doi={10.1016/j.cpr.2003.07.001},
  PMID={14624820}
}

@article{salloway1990opiate,
  title={Opiate withdrawal presenting as posttraumatic stress disorder},
  author={Salloway, S. and Southwick, S. and Sadowsky, M.},
  journal={Hospital and Community Psychiatry},
  volume={41},
  number={6},
  pages={666--667},
  year={1990},
  publisher={American Psychiatric Association},
  doi={10.1176/ps.41.6.666},
  PMID={2361672}
}

@incollection{resnick2008malingering,
  title={Malingering of posttraumatic disorders},
  author={Resnick, P. J. and West, S. and Payne, J. W.},
  booktitle={Clinical assessment of malingering and deception},
  editor={Rogers, R.},
  edition={3},
  publisher={Guilford Press},
  pages={109--127},
  year={2008},
  ISBN={978-1-59385-699-1}
}

@book{burkett1998stolen,
  title={Stolen valor: How the Vietnam generation was robbed of its heroes and history},
  author={Burkett, B. G. and Whitley, G.},
  year={1998},
  publisher={Verity Press},
  ISBN={978-0-9667036-0-3}
}


@article{goldstein2016epidemiology,
  title={The epidemiology of DSM-5 posttraumatic stress disorder in the United States: results from the National Epidemiologic Survey on Alcohol and Related Conditions-III},
  author={Goldstein, Ris{\"e} B and Smith, Sharon M and Chou, S Patricia and Saha, Tulshi D and Jung, Jeesun and Zhang, Haitao and Pickering, Roger P and Ruan, W June and Huang, Boji and Grant, Bridget F},
  journal={Social psychiatry and psychiatric epidemiology},
  volume={51},
  pages={1137--1148},
  year={2016},
  publisher={Springer}
}
@article{schnurr2009posttraumatic,
  title={Posttraumatic stress disorder and quality of life: Extension of findings to veterans of the wars in Iraq and Afghanistan},
  author={Schnurr, Paula P and Lunney, Carole A and Bovin, Michelle J and Marx, Brian P},
  journal={Clinical psychology review},
  volume={29},
  number={8},
  pages={727--735},
  year={2009},
  publisher={Elsevier}
}

@article{frueh2007us,
  title={US Department of Veterans Affairs disability policies for posttraumatic stress disorder: Administrative trends and implications for treatment, rehabilitation, and research},
  author={Frueh, B Christopher and Grubaugh, Anouk L and Elhai, Jon D and Buckley, Todd C},
  journal={American Journal of Public Health},
  volume={97},
  number={12},
  pages={2143--2145},
  year={2007},
  publisher={American Public Health Association}
}
@article{ali2015multimodal,
  title={Multimodal approach to identifying malingered posttraumatic stress disorder: A review},
  author={Ali, Shahid and Jabeen, Shagufta and Alam, Farzana},
  journal={Innovations in Clinical Neuroscience},
  volume={12},
  number={1-2},
  pages={12},
  year={2015},
  publisher={Matrix Medical Communications}
}
@article{walczyk2018review,
  title={A review of approaches to detecting malingering in forensic contexts and promising cognitive load-inducing lie detection techniques},
  author={Walczyk, Jeffrey J and Sewell, Nate and DiBenedetto, Meghan B},
  journal={Frontiers in psychiatry},
  volume={9},
  pages={700},
  year={2018},
  publisher={Frontiers Media SA}
}


@InCollection{sep-truth,
	author       =	{Glanzberg, Michael},
	title        =	{{Truth}},
	booktitle    =	{The {Stanford} Encyclopedia of Philosophy},
	editor       =	{Edward N. Zalta},
	howpublished =	{\url{https://plato.stanford.edu/archives/sum2021/entries/truth/}},
	year         =	{2021},
	edition      =	{{S}ummer 2021},
	publisher    =	{Metaphysics Research Lab, Stanford University}
}

@book{national2003polygraph,
  title={The polygraph and lie detection},
  author={National Research Council and others},
  year={2003},
  publisher={National Academies Press}
}

@book{ben2012interpreting,
  title={Interpreting the mmpi-2-rf},
  author={Ben-Porath, Yossef S},
  year={2012},
  publisher={U of Minnesota Press}
}

@article{sartori2008accurately,
  title={How to accurately detect autobiographical events},
  author={Sartori, Giuseppe and Agosta, Sara and Zogmaister, Cristina and Ferrara, Santo Davide and Castiello, Umberto},
  journal={Psychological science},
  volume={19},
  number={8},
  pages={772--780},
  year={2008},
  publisher={SAGE Publications Sage CA: Los Angeles, CA}
}

@article{gregg2007vying,
  title={When vying reveals lying: The timed antagonistic response alethiometer},
  author={Gregg, Aiden P},
  journal={Applied Cognitive Psychology: The Official Journal of the Society for Applied Research in Memory and Cognition},
  volume={21},
  number={5},
  pages={621--647},
  year={2007},
  publisher={Wiley Online Library}
}

@article{monaro2017detection,
  title={The detection of faked identity using unexpected questions and mouse dynamics},
  author={Monaro, Merylin and Gamberini, Luciano and Sartori, Giuseppe},
  journal={PloS one},
  volume={12},
  number={5},
  pages={e0177851},
  year={2017},
  publisher={Public Library of Science San Francisco, CA USA}
}

@article{vrij2001killed,
  title={Who killed my relative? Police officers' ability to detect real-life high-stake lies},
  author={Vrij, Aldert and Mann, Samantha},
  journal={Psychology, Crime \& Law},
  volume={7},
  number={2},
  pages={119--132},
  year={2001},
  publisher={Taylor \& Francis}
}

@article{smith1997detection,
  title={Detection of malingering: validation of the Structured Inventory of Malingered Symptomatology (SIMS)},
  author={Smith, Glenn P and Burger, Gary K},
  journal={Journal of the American Academy of Psychiatry and the Law Online},
  volume={25},
  number={2},
  pages={183--189},
  year={1997},
  publisher={Citeseer}
}

@article{rogers2008determinations,
  title={Determinations of malingering: Evolution from case-based methods to detection strategies},
  author={Rogers, Richard and Correa, Amor A},
  journal={Psychiatry, Psychology and Law},
  volume={15},
  number={2},
  pages={213--223},
  year={2008},
  publisher={Taylor \& Francis}
}

@article{vicianova2015historical,
  title={Historical techniques of lie detection},
  author={Vicianova, Martina},
  journal={Europe's journal of psychology},
  volume={11},
  number={3},
  pages={522},
  year={2015},
  publisher={PsychOpen}
}


@incollection{rogers2008,
    title = {Detection strategies for malingering and defensiveness},
    author = {Rogers, Richard},
    booktitle = {Clinical assessment of malingering and deception},
    editor = {Rogers, Richard},
    edition = {3},
    pages = {14--35},
    publisher = {Guilford Press},
    address = {New York, NY},
    year = {2008},
}

@article{merten2016,
    title = {The Self-Report Symptom Inventory (SRSI): A new instrument for the assessment of distorted symptom endorsement},
    author = {Merten, Thomas and Merckelbach, Harald and Giger, Peter and Stevens, Andreas},
    journal = {Psychological Injury and Law},
    volume = {9},
    number = {2},
    pages = {102--111},
    year = {2016},
}

@article{sollman2011,
    title = {Detection of inadequate effort on neuropsychological testing: a meta-analytic update and extension},
    author = {Sollman, Myriam J and Berry, David T},
    journal = {Archives of Clinical Neuropsychology},
    volume = {26},
    number = {8},
    pages = {774--789},
    year = {2011},
    doi = {10.1093/arclin/acr066}
}

@article{vanimpelen2014,
    title = {The Structured Inventory of Malingered Symptomatology (SIMS): a systematic review and meta-analysis},
    author = {van Impelen, Alfons and Merckelbach, Harald and Jelicic, Marko and Merten, Thomas},
    journal = {The Clinical Neuropsychologist},
    volume = {28},
    number = {8},
    pages = {1336--1365},
    year = {2014},
    doi = {10.1080/13854046.2014.984763}
}



@article{Ganslen1990,
  author = {Ganslen, R.},
  title = {The Polygraph and Lie Detection},
  journal = {The American Journal of Psychology},
  volume = {103},
  number = {2},
  pages = {189-202},
  year = {1990},
  doi = {10.2307/1422555}
}

@article{DePaulo2003,
  author = {DePaulo, B. M. and Lindsay, J. J. and Malone, B. E. and Muhlenbruck, L. and Charlton, K.},
  title = {Cues to Deception},
  journal = {Psychological Bulletin},
  volume = {129},
  number = {1},
  pages = {74-118},
  year = {2003},
  doi = {10.1037/0033-2909.129.1.74}
}

@article{Rogers1997,
  author = {Rogers, R.},
  title = {An Overview of Malingering and its Assessment},
  journal = {Psychiatric Clinics of North America},
  volume = {20},
  number = {1},
  pages = {15-27},
  year = {1997},
  doi = {10.1016/S0193-953X(05)70334-3}
}

@book{rogers2008clinical,
  title={Clinical assessment of malingering and deception},
  author={Rogers, Richard Ed},
  year={2008},
  publisher={Guilford Press}
}


@article{Chan2018,
  author = {Chan, E. Y. and Danker-Hopfe, H. and Riemann, D.},
  title = {A Machine Learning Approach to Polysomnographic Sleep Study for Lie Detection},
  journal = {IEEE Journal of Biomedical and Health Informatics},
  volume = {22},
  number = {2},
  pages = {716-722},
  year = {2018},
  doi = {10.1109/JBHI.2017.2675963}
}

@article{Wang2020,
  author = {Wang, X. and Yang, Y. and Zhang, J. and Wang, L. and Liu, S.},
  title = {A Machine Learning Approach to Lie Detection Based on Eye Movement and Gesture Analysis},
  journal = {IEEE Transactions on Human-Machine Systems},
  volume = {50},
  number = {3},
  pages = {266-273},
  year = {2020},
  doi = {10.1109/THMS.2019.2899778}
}



@book{Gudjonsson2003,
    author = {Gudjonsson, G. H.},
    title = {The psychology of interrogations and confessions: A handbook},
    publisher = {John Wiley & Sons},
    year = {2003}
}



@article{Wong2005,
author = {Wong, S. and O'Sullivan, M.},
year = {2005},
title = {The Structured Interview of Reported Symptoms (SIRS): An overview},
journal = {Assessment},
volume = {12},
number = {3},
pages = {289-307},
}

@article{Yu2018,
author = {Yu, H. and Chen, Y. and Fu, X.},
year = {2018},
title = {Deep learning for deception detection: a comprehensive review},
journal = {IEEE Transactions on Information Forensics and Security},
volume = {13},
number = {11},
pages = {2615-2629},
}


@article{Ekman1992,
author = {Ekman, P. and O'Sullivan, M.},
year = {1991},
title = {Who can catch a liar?},
journal = {American Psychologist},
volume = {46},
number = {9},
pages = {913-920},
}


@article{Ducharme2017,
author = {Ducharme, J. J. and Langleben, D. D. and Verma, R.},
year = {2017},
title = {Eye tracking in the detection of deception: a review of the literature},
journal = {Psychology, Crime \& Law},
volume = {23},
number = {10},
pages = {875-895},
}


@article{Eckman1969,
author = {Eckman, P. and Friesen, W. V.},
year = {1969},
title = {Nonverbal leakage and clues to deception},
journal = {Psychiatry},
volume = {32},
number = {1},
pages = {88-106},
}

@article{Lykken1959,
author = {Lykken, D. T.},
year = {1959},
title = {The GSR in the detection of guilt},
journal = {Scientific American},
volume = {200},
number = {3},
pages = {50-60},
}

@article{ke2017lightgbm,
  title={Lightgbm: A highly efficient gradient boosting decision tree},
  author={Ke, Guolin and Meng, Qi and Finley, Thomas and Wang, Taifeng and Chen, Wei and Ma, Weidong and Ye, Qiwei and Liu, Tie-Yan},
  journal={Advances in neural information processing systems},
  volume={30},
  year={2017}
}

@article{hothorn2006unbiased,
  title		= {Unbiased recursive partitioning: A conditional inference
		  framework},
  author	= {Hothorn, Torsten and Hornik, Kurt and Zeileis, Achim},
  journal	= {Journal of Computational and Graphical statistics},
  volume	= {15},
  number	= {3},
  pages		= {651--674},
  year		= {2006},
  publisher	= {Taylor \& Francis}
}

@article{sarda2017conditional,
  title={Conditional inference trees for knowledge extraction from motor health condition data},
  author={Sarda-Espinosa, Alexis and Subbiah, Subanatarajan and Bartz-Beielstein, Thomas},
  journal={Engineering Applications of Artificial Intelligence},
  volume={62},
  pages={26--37},
  year={2017},
  publisher={Elsevier}
}


@Book{cover1991elements,
  author	= {Cover, Thomas M. and Thomas, Joy A.},
  title		= {Elements of Information Theory},
  year		= {1991},
  isbn		= {0-471-06259-6},
  publisher	= {Wiley-Interscience},
  address	= {New York, NY, USA}
}

@inproceedings{fuglede2004jensen,
  title={Jensen-Shannon divergence and Hilbert space embedding},
  author={Fuglede, Bent and Topsoe, Flemming},
  booktitle={International Symposium onInformation Theory, 2004. ISIT 2004. Proceedings.},
  pages={31},
  year={2004},
  organization={IEEE}
}

@article{besag1974spatial,
  title={Spatial interaction and the statistical analysis of lattice systems},
  author={Besag, Julian},
  journal={Journal of the Royal Statistical Society: Series B (Methodological)},
  volume={36},
  number={2},
  pages={192--225},
  year={1974},
  publisher={Wiley Online Library}
}

@article{gelfand1990sampling,
  title={Sampling-based approaches to calculating marginal densities},
  author={Gelfand, Alan E and Smith, Adrian FM},
  journal={Journal of the American statistical association},
  volume={85},
  number={410},
  pages={398--409},
  year={1990},
  publisher={Taylor \& Francis}
}

@article{geman1984stochastic,
  title={Stochastic relaxation, Gibbs distributions, and the Bayesian restoration of images},
  author={Geman, Stuart and Geman, Donald},
  journal={IEEE Transactions on pattern analysis and machine intelligence},
  number={6},
  pages={721--741},
  year={1984},
  publisher={IEEE}
}


@article{kennedy2020assessing,
  title={Assessing the risks to online polls from bogus respondents},
  author={Kennedy, Courtney and Hatley, Nick and Lau, Arnold and Mercer, Andrew and Keeter, Scott and Ferno, Joshua and Asare-Marfo, Dorene},
  journal={Pew Research Center},
  volume={18},
  year={2020}
}

@article{greszki2015exploring,
  title={Exploring the effects of removing “too fast” responses and respondents from web surveys},
  author={Greszki, Robert and Meyer, Marco and Schoen, Harald},
  journal={Public Opinion Quarterly},
  volume={79},
  number={2},
  pages={471--503},
  year={2015},
  publisher={Oxford University Press US}
}

@article{malhotra2008completion,
  title={Completion time and response order effects in web surveys},
  author={Malhotra, Neil},
  journal={Public opinion quarterly},
  volume={72},
  number={5},
  pages={914--934},
  year={2008},
  publisher={Oxford University Press}
}

@article{callegaro2009response,
  title={Response latency as an indicator of optimizing in online questionnaires},
  author={Callegaro, Mario and Yang, Yongwei and Bhola, Dennison S and Dillman, Don A and Chin, Tzu-Yun},
  journal={Bulletin of Sociological Methodology/Bulletin de M{\'e}thodologie Sociologique},
  volume={103},
  number={1},
  pages={5--25},
  year={2009},
  publisher={Sage Publications Sage CA: Thousand Oaks, CA}
}

@article{mcdermott2013malingering,
  title={Malingering in the correctional system: does incentive affect prevalence?},
  author={McDermott, Barbara E and Dualan, Isah V and Scott, Charles L},
  journal={International Journal of Law and Psychiatry},
  volume={36},
  number={3-4},
  pages={287--292},
  year={2013},
  publisher={Elsevier}
}

@article{schmidt2020base,
  title={Base Rate of Probable Malingering and its Indicators in the Assessment of Mental Disorders-Retrospective Analysis of a Sample of Forensic Psychological Evaluations},
  author={Schmidt, Thomas and Kr{\"u}ger, Martin and Ullmann, Utz},
  journal={Die Rehabilitation},
  volume={59},
  number={4},
  pages={231--236},
  year={2020}
}

@article{matto2019systematic,
  title={A Systematic Approach to the Detection of False PTSD.},
  author={Matto, Mikel and McNiel, Dale E and Binder, Ren{\'e}e L},
  journal={The journal of the American Academy of Psychiatry and the Law},
  volume={47},
  number={3},
  pages={325--334},
  year={2019}
}

@article{shannon1948mathematical,
  title={A mathematical theory of communication},
  author={Shannon, Claude Elwood},
  journal={The Bell system technical journal},
  volume={27},
  number={3},
  pages={379--423},
  year={1948},
  publisher={Nokia Bell Labs}
}